<record><leader>00000cas a22000007a 4500</leader><controlfield tag="001">40988648</controlfield><controlfield tag="008">990317d18831883sduwr ne      0    0eng d</controlfield><datafield ind1=" " ind2=" " tag="010"><subfield code="a">sn 99062834 </subfield></datafield><datafield ind1=" " ind2=" " tag="040"><subfield code="a">SXN</subfield><subfield code="b">eng</subfield><subfield code="c">SXN</subfield><subfield code="d">OCL</subfield><subfield code="d">OCLCQ</subfield><subfield code="d">OCLCF</subfield><subfield code="d">OCLCO</subfield></datafield><datafield ind1="1" ind2=" " tag="029"><subfield code="a">AU@</subfield><subfield code="b">000027394652</subfield></datafield><datafield ind1=" " ind2=" " tag="042"><subfield code="a">msc</subfield></datafield><datafield ind1=" " ind2=" " tag="043"><subfield code="a">n-us-sd</subfield></datafield><datafield ind1="0" ind2="4" tag="082"><subfield code="a">071.83/33</subfield><subfield code="2">19</subfield></datafield><datafield ind1="0" ind2=" " tag="130"><subfield code="a">County advocate (Forestburg, S.D.)</subfield></datafield><datafield ind1="1" ind2="0" tag="245"><subfield code="a">County advocate.</subfield></datafield><datafield ind1=" " ind2=" " tag="260"><subfield code="a">Forestburg Junction, Sanborn County, D.T. [S.D.] :</subfield><subfield code="b">H.S. Douglas,</subfield><subfield code="c">1883.</subfield></datafield><datafield ind1=" " ind2=" " tag="300"><subfield code="a">v.</subfield></datafield><datafield ind1=" " ind2=" " tag="310"><subfield code="a">Weekly</subfield></datafield><datafield ind1="0" ind2=" " tag="362"><subfield code="a">Vol. 2, no. 35 (May 3, 1883)-v. 2, no. 36 (May 10, 1883).</subfield></datafield><datafield ind1=" " ind2=" " tag="500"><subfield code="a">Forestburg Junction later became: Forestburg.</subfield></datafield><datafield ind1=" " ind2=" " tag="530"><subfield code="a">Available on microfilm from: State Archives, South Dakota State Historical Society.</subfield></datafield><datafield ind1=" " ind2="0" tag="651"><subfield code="a">Forestburg (S.D.)</subfield><subfield code="v">Newspapers.</subfield></datafield><datafield ind1=" " ind2="0" tag="651"><subfield code="a">Sanborn County (S.D.)</subfield><subfield code="v">Newspapers.</subfield></datafield><datafield ind1=" " ind2="7" tag="655"><subfield code="a">Newspapers.</subfield><subfield code="2">fast</subfield><subfield code="0">(OCoLC)fst01423814</subfield></datafield><datafield ind1=" " ind2="7" tag="651"><subfield code="a">South Dakota</subfield><subfield code="z">Forestburg.</subfield><subfield code="2">fast</subfield><subfield code="0">(OCoLC)fst01261445</subfield></datafield><datafield ind1=" " ind2="7" tag="651"><subfield code="a">South Dakota</subfield><subfield code="z">Sanborn County.</subfield><subfield code="2">fast</subfield><subfield code="0">(OCoLC)fst01214158</subfield></datafield><datafield ind1=" " ind2=" " tag="752"><subfield code="a">United States</subfield><subfield code="b">South Dakota</subfield><subfield code="c">Sanborn</subfield><subfield code="d">Forestburg.</subfield></datafield><datafield ind1="0" ind2="0" tag="780"><subfield code="t">Miner County advocate</subfield><subfield code="w">(DLC)sn 99062849</subfield></datafield><datafield ind1="0" ind2="0" tag="785"><subfield code="t">Sanborn County advocate</subfield><subfield code="w">(DLC)sn 99062835</subfield></datafield></record>